<?xml version="1.0" encoding="UTF-8"?><collection xmlns="http://www.loc.gov/MARC21/slim"><record><leader>00561nam--2200145-i-4500</leader><controlfield tag="001">000009023</controlfield><controlfield tag="002">20161230</controlfield><controlfield tag="005">20161230201028</controlfield><controlfield tag="008">060222s1000------------r-----000-0-eng-d</controlfield><datafield ind1=" " ind2=" " tag="080"><subfield code="a">620.91</subfield></datafield><datafield ind1=" " ind2=" " tag="100"><subfield code="a">Acherman, M., Crisan, V., Mihala, C</subfield></datafield><datafield ind1=" " ind2=" " tag="245"><subfield code="a">Sisteme electrice de comanda in instalatiile electrice de forta din industria chimica</subfield></datafield><datafield ind1=" " ind2=" " tag="260"><subfield code="a">Bucuresti, Consiliul National Al Inginerilor Si Tehnicienilor, 1969 16 P. + Tabel</subfield></datafield><datafield ind1=" " ind2=" " tag="490"><subfield code="a">A Doua Conferinta A Electricienilor.Iii Sectia Sisteme, Centrale Si Utilizarea Energi Ei Electrice</subfield></datafield><datafield ind1=" " ind2=" " tag="852"><subfield code="a">31637</subfield></datafield></record></collection>